@book{Bird2007,
address = {New York, NY},
author = {Bird, R. B. and Stewart, W. E. and Lightfoot, E. N.},
edition = {2nd},
publisher = {John Wiley \& Sons, Inc.},
title = {{Transport Phenomena}},
year = {2007}
}
